% This file was created with JabRef 2.7.2.
% Encoding: Cp1252

@ARTICLE{Assenov2015,
  author = {Assen Assenov},
  title = {Economics of Eastern Europe},
  journal = {AER},
  year = {2012},
  volume = {2},
  pages = {220-238},
  owner = {pcuser},
  timestamp = {2012.10.11}
}

@TECHREPORT{des:tex,
  author = {Jacques D{\'e}sarm{\'e}nien},
  title = {How to Run {\TeX} in French},
  institution = {Computer Science Department, Stanford University},
  year = {1984},
  number = {SATN-CS-1013},
  address = {Stanford, California},
  month = Aug
}

@ARTICLE{fuchs:dvi,
  author = {David Fuchs},
  title = {Device Independent File Format},
  journal = {TUGboat},
  year = {1982},
  volume = {3},
  pages = {14--19},
  number = {2},
  month = Oct
}

@ARTICLE{fuchs:dvi0,
  author = {David Fuchs},
  title = {The Format of {\TeX}'s {DVI} Files Version 1},
  journal = {TUGboat},
  year = {1981},
  volume = {2},
  pages = {12--16},
  number = {2},
  month = Jul
}

@ARTICLE{furuta:pctex,
  author = {Richard K. Furuta and Pierre A. MacKay},
  title = {Two {\TeX} Implementations for the {IBM PC}},
  journal = {Dr. Dobb's Journal},
  year = {1985},
  volume = {10},
  pages = {80--91},
  number = {9},
  month = Sep
}

@BOOK{knuth:pgm,
  title = {{\TeX}: The Program},
  publisher = {Addison-Wesley},
  year = {1986},
  author = {Donald E. Knuth},
  volume = {B},
  series = {Computers \& Typesetting},
  address = {Reading, Massachusetts}
}

@ARTICLE{knuth:lp,
  author = {Donald E. Knuth},
  title = {Literate Programming},
  journal = {The Computer Journal},
  year = {1984},
  volume = {27},
  pages = {97--111},
  number = {2},
  month = May
}

@BOOK{knuth:tex,
  title = {The {\TeX} Book},
  publisher = {Addison-Wesley},
  year = {1984},
  author = {Donald E. Knuth},
  address = {Reading, Massachusetts},
  note = {Reprinted as Vol. A of {\it Computers \& Typesetting\/}, 1986}
}

@TECHREPORT{knuth:tor,
  author = {Donald E. Knuth},
  title = {A Torture Test for {\TeX}, Version 1.3},
  institution = {Computer Science Department, Stanford University},
  year = {1984},
  number = {STAN-CS-84-1027},
  address = {Stanford, California},
  month = Nov
}

@TECHREPORT{knuth:web,
  author = {Donald E. Knuth},
  title = {The {WEB} System for Structured Documentation, Version 2.3},
  institution = {Computer Science Department, Stanford University},
  year = {1983},
  number = {STAN-CS-83-980},
  address = {Stanford, California},
  month = Sep
}

@BOOK{lamport:latex,
  title = {{\LaTeX}: A Document Preparation System. User's Guide and Reference
	Manual},
  publisher = {Addison-Wesley},
  year = {1986},
  author = {Leslie Lamport},
  address = {Reading, Massachusetts}
}

@MANUAL{patashnik:bibhax,
  title = {Designing Bib{\TeX} Styles},
  author = {Oren Patashnik},
  organization = {Computer Science Department, Stanford University},
  month = jan,
  year = {1988}
}

@MANUAL{patashnik:bibtex,
  title = {Bib{\TeX}ing},
  author = {Oren Patashnik},
  organization = {Computer Science Department, Stanford University},
  address = {Stanford, California},
  month = jan,
  year = {1988},
  note = {Available in the Bib{\TeX} release}
}

@TECHREPORT{samuel:tex,
  author = {Arthur L. Samuel},
  title = {First Grade {\TeX}: A Beginner's {\TeX} Manual},
  institution = {Computer Science Department, Stanford University},
  year = {1983},
  number = {SATN-CS-83-985},
  address = {Stanford, California},
  month = Nov
}

@BOOK{spivak:ams,
  title = {The Joy of {\TeX}},
  publisher = {American Mathematical Society},
  year = {1985},
  author = {Michael D. Spivak}
}

